@inproceedings{bruckdorfer2012progress,
  title={Progress on partial edge drawings},
  author={Bruckdorfer, Till and Cornelsen, Sabine and Gutwenger, Carsten and Kaufmann, Michael and Montecchiani, Fabrizio and N{\"o}llenburg, Martin and Wolff, Alexander},
  booktitle={International Symposium on Graph Drawing},
  pages={67--78},
  year={2012},
  organization={Springer}
}


@inproceedings{chalopin2009every,
	title={Every planar graph is the intersection graph of segments in the plane},
	author={Chalopin, J{\'e}r{\'e}mie and Gon{\c{c}}alves, Daniel},
	booktitle={Proceedings of the forty-first annual ACM symposium on Theory of computing},
	pages={631--638},
	year={2009},
	organization={ACM}
}


@phdthesis{b-sgh-15,
	Author = {Bruckdorfer, Till},
	School = {Universität Tübingen},
	Title = {Schematics of Graphs and Hypergraphs},
	Year = {2015}}


@article{bcgkmn-pped-17,
	Author = {Bruckdorfer, Till and Cornelsen, Sabine and Gutwenger, Carsten and Kaufmann, Michael and Montecchiani, Fabrizio and Nöllenburg, Martin and Wolff, Alexander},
	Doi = {10.7155/jgaa.00438},
	Journal = {J. Graph Algorithms Appl.},
	Number = {4},
	Pages = {757--786},
	Title = {Progress on Partial Edge Drawings},
	Volume = {21},
	Year = {2017}}
	

@inproceedings{bk-ecbe-12,
	Author = {Bruckdorfer, Till and Kaufmann, Michael},
	Booktitle = {Fun with Algorithms (FUN'12)},
	Doi = {10.1007/978-3-642-30347-0_7},
	Editor = {Kranakis, Evangelos and Krizanc, Danny and Luccio, Flaminia},
	Pages = {40--50},
	Publisher = {Springer},
	Series = {LNCS},
	Title = {Mad at edge crossings? {Break} the edges!},
	Volume = {7288},
	Year = {2012}}
	

@inproceedings{bvkw-epdldge-12,
	Author = {Burch, Michael and Vehlow, Corinna and Konevtsova, Natalia and Weiskopf, Daniel},
	Booktitle = {Graph Drawing (GD'11)},
	Doi = {10.1007/978-3-642-25878-7_22},
	Editor = {van Kreveld, Marc and Speckmann, Bettina},
	Pages = {226-237},
	Publisher = {Springer},
	Series = {LNCS},
	Title = {Evaluating Partially Drawn Links for Directed Graph Edges},
	Volume = {7034},
	Year = {2012}}
	

@article{bew-vnd-95,
	Author = {Becker, Richard A. and Eick, Stephen G. and Wilks, Allan R.},
	Doi = {10.1109/2945.468391},
	Journal = {{IEEE} Trans. Visualization and Computer Graphics},
	Number = {1},
	Pages = {16--28},
	Title = {Visualizing network data},
	Volume = {1},
	Year = {1995}}
	
